<?xml version="1.0" encoding="UTF-8"?><collection xmlns="http://www.loc.gov/MARC21/slim"><record><leader>00485nam--2200169-i-4500</leader><controlfield tag="001">000001750</controlfield><controlfield tag="002">20161230</controlfield><controlfield tag="005">20161230201024</controlfield><controlfield tag="008">060222s1000------------r-----000-0-eng-d</controlfield><datafield ind1=" " ind2=" " tag="040"><subfield code="a">IFIN-HH</subfield></datafield><datafield ind1=" " ind2=" " tag="080"><subfield code="a">539.12</subfield></datafield><datafield ind1="1" ind2=" " tag="100"><subfield code="a">Fretter, W.F</subfield></datafield><datafield ind1="1" ind2="0" tag="245"><subfield code="a">Interaction of kaons with nuclei</subfield><subfield code="c">W.f. fretter</subfield></datafield><datafield ind1=" " ind2=" " tag="260"><subfield code="a">Herceg Novi</subfield><subfield code="b">Ecole Internationale De La Physique Des Particules Elementaires</subfield><subfield code="c">1969</subfield></datafield><datafield ind1=" " ind2=" " tag="300"><subfield code="a">16 P. + 4 FIG</subfield></datafield><datafield ind1=" " ind2=" " tag="852"><subfield code="a">32006</subfield><subfield code="c">539.12</subfield></datafield><datafield ind1=" " ind2=" " tag="CAT"><subfield code="a">Sys</subfield><subfield code="c">20111118</subfield><subfield code="h">133556</subfield></datafield></record></collection>